@article{mikulaRemesikovaSarkoci2014,
	author = {Mikula, Karol and Remešíková, Mariana and Sarkoci, Peter and Ševčovič, Daniel},
	title = {Manifold Evolution with Tangential Redistribution of Points},
	journal = {SIAM Journal on Scientific Computing},
	volume = {36},
	number = {4},
	pages = {A1384-A1414},
	year = {2014},
	doi = {10.1137/130927668},
	URL = { 
	https://doi.org/10.1137/130927668
	}	
}

@book{Reddy,
	title={An Introduction to the Finite Element Method},
	author={J N Reddy, D.},
	isbn={9780072466850},
	lccn={2004058177},
	year={2005},
	publisher={McGraw-Hill Education}
}


@Book{Handlovicova,
	author = 	"Angela Handlovičová and Matúš Tibenský",
	title = 	"Základy funkcionálnej analýzy a variačného počtu",
	publisher=	"Slovenská technická univerzita v Bratislave",
	year = 	 	"2016",
}

@incollection{eymard,
	title = "Finite volume methods",
	series = "Handbook of Numerical Analysis",
	publisher = "Elsevier",
	volume = "7",
	pages = "713-1018",
	year = "2000",
	booktitle = "Solution of Equation in Rn (Part 3), Techniques of Scientific Computing (Part 3)",
	issn = "1570-8659",
	doi = "https://doi.org/10.1016/S1570-8659(00)07005-8",
	url = "http://www.sciencedirect.com/science/article/pii/S1570865900070058",
	author = "Robert Eymard and Thierry Gallouët and Raphaèle Herbin"
}
